@article{wang2018salient,
  title={Salient Object Detection with Recurrent Fully Convolutional Networks},
  author={Wang, Linzhao and Wang, Lijun and Lu, Huchuan and Zhang, Pingping and Ruan, Xiang},
  journal={IEEE Transactions on Pattern Analysis and Machine Intelligence},
  year={2018},
  publisher={IEEE}
}

@inproceedings{hou2017deeply,
	title={Deeply supervised salient object detection with short connections},
	author={Hou, Qibin and Cheng, Ming-Ming and Hu, Xiaowei and Borji, Ali and Tu, Zhuowen and Torr, Philip},
	booktitle={2017 IEEE Conference on Computer Vision and Pattern Recognition (CVPR)},
	pages={5300--5309},
	year={2017},
	organization={IEEE}
}

@inproceedings{wang2018detect,
	title={Detect Globally, Refine Locally: A Novel Approach to Saliency Detection},
	author={Wang, Tiantian and Zhang, Lihe and Wang, Shuo and Lu, Huchuan and Yang, Gang and Ruan, Xiang and Borji, Ali},
	booktitle={Proceedings of the IEEE Conference on Computer Vision and Pattern Recognition},
	pages={3127--3135},
	year={2018}
}

@inproceedings{zhu2014saliency,
	title={Saliency optimization from robust background detection},
	author={Zhu, Wangjiang and Liang, Shuang and Wei, Yichen and Sun, Jian},
	booktitle={Proceedings of the IEEE conference on computer vision and pattern recognition},
	pages={2814--2821},
	year={2014}
}

@inproceedings{xie2015holistically,
	title={Holistically-nested edge detection},
	author={Xie, Saining and Tu, Zhuowen},
	booktitle={Proceedings of the IEEE international conference on computer vision},
	pages={1395--1403},
	year={2015}
}